@misc{Runde2020,
author = {Ã‡etinkaya-Runde, Mine},
title = {Codebook for Movies dataset},
urldate = {2020-11-03},
note="[Accessed Nov 3rd, 2020]",
year = {2020}
}